
@misc{noauthor_thorlabs_2024,
	title = {Thorlabs - {Photonics} {Products} \& {Solutions}},
	url = {https://www.thorlabs.com},
	abstract = {Thorlabs designs and manufactures components, instruments, and systems for the photonics industry. We provide a portfolio of over 22,000 stocked items, complimented by endless custom solutions enabled by vertical integration. Thorlabs is comprised of 22 wholly owned design and manufacturing entities across nine countries with a combined manufacturing footprint of more than one million square feet.},
	language = {en},
	urldate = {2024-11-17},
	journal = {Thorlabs},
	year = {2024},
	file = {Snapshot:/home/emilegp/Zotero/storage/QBGXQ2Z3/www.thorlabs.com.html:text/html},
}

@misc{noauthor_razor_2024,
	title = {{RAZOR} {BLADES} {100PK}},
	url = {https://directlift.ca/razor-blades-100pk/},
	abstract = {Direct Lift Canada offering Direct Lift, Forward Lift, Rotary Lift garage car lifts, garage hoists, 4 post lifts, 2 post lifts, car hoist, will ship all across Canada.  Offering Direct Lift, the premium car lift and car hoist for your automobile for the professional garage, residential garage or hobbyist.},
	language = {en},
	urldate = {2024-11-17},
	journal = {DirectLift Canada},
	year = {2024},
	file = {Snapshot:/home/emilegp/Zotero/storage/3DMQSTQB/razor-blades-100pk.html:text/html},
}

@misc{prusa_imprimante_2024,
	title = {Imprimante {3D} {Original} {Prusa} i3 {MK3S}+ {MMU3} kit {Bundle}},
	url = {https://www.prusa3d.com/fr/produit/imprimante-3d-original-prusa-i3-mk3s-mmu3-kit-bundle/},
	abstract = {Ce lot comprend une imprimante 3D MK3S+ assemblée et la mise à niveau multi-matériaux MMU3 sous forme de kit.L'Original Prusa i3 MK3S+ est la dernière version de notre gamme d'imprimantes 3D MK3 primée. Nous avons amélioré la MK3S avec une toute nouvelle sonde SuperPINDA pour une meilleure calibration de la première couche, ajouté des  roulements de haute qualité et fait divers ajustements de design utiles.},
	language = {fr},
	urldate = {2024-11-17},
	journal = {Prusa3D},
	author = {Prusa, Josef},
	year = {2024},
	file = {Snapshot:/home/emilegp/Zotero/storage/82IUAX64/imprimante-3d-original-prusa-i3-mk3s-mmu3-kit-bundle.html:text/html},
}

@misc{noauthor_thorlabs_2021,
	title = {Thorlabs - {DCC1545M} {USB} 2.0 {CMOS} {Camera}, 1280 x 1024, {Monochrome} {Sensor}},
	url = {https://www.thorlabs.com},
	abstract = {Thorlabs designs and manufactures components, instruments, and systems for the photonics industry. We provide a portfolio of over 22,000 stocked items, complimented by endless custom solutions enabled by vertical integration. Thorlabs is comprised of 22 wholly owned design and manufacturing entities across nine countries with a combined manufacturing footprint of more than one million square feet.},
	language = {en},
	urldate = {2024-11-17},
	journal = {Thorlabs},
	year = {2021},
	file = {Snapshot:/home/emilegp/Zotero/storage/Q8ZT66ZD/thorProduct.html:text/html},
}

@misc{noauthor_compact_2024,
	title = {Compact {Laser} {Modules} with {Phono} {Jack}},
	url = {https://www.thorlabs.com},
	abstract = {Thorlabs designs and manufactures components, instruments, and systems for the photonics industry. We provide a portfolio of over 22,000 stocked items, complimented by endless custom solutions enabled by vertical integration. Thorlabs is comprised of 22 wholly owned design and manufacturing entities across nine countries with a combined manufacturing footprint of more than one million square feet.},
	language = {en},
	urldate = {2024-11-17},
	journal = {Thorlabs},
	year = {2024},
	file = {Snapshot:/home/emilegp/Zotero/storage/WN6LPZXY/newgrouppage9.html:text/html},
}
