@misc{edmund_optics_aberrations,
  author       = {{Edmund Optics}},
  title        = {How Aberrations Affect Machine Vision Lenses},
  year         = {2024},
  url          = {\url{https://www.edmundoptics.fr/knowledge-center/application-notes/imaging/how-aberrations-affect-machine-vision-lenses/}},
}
@misc{camera,
  author = {{Thorlabs}},
  title = {DCx Camera Functional Description and SDK Manual},
  year = {2018},
  url = {\url{https://www.thorlabs.de/thorProduct.cfm?partNumber=DCC1545M&fbclid=IwZXh0bgNhZW0CMTEAAR11VnBiOdXKraldwSp-ZL4I_ORG_w_G1adlkfm6d6rV9ZRA4_QZmkPOARw_aem_HuDtD6S8EroNtmEOvnwXiA}}
}
@misc{grating,
  author = {{Thorlabs}},
  title = {Visible Ruled Reflective Diffraction Gratings},
  url = {\url{https://www.thorlabs.com/newgrouppage9.cfm?objectgroup_id=8626&pn=GR25-0605}}
}
@misc{procedurier,
  author = {Jean Provost and Lucien Weiss and Jérémie Villeneuve},
  title = {Mandat 2: Spectomètre},
  year={2024},
  url = {\url{https://moodle.polymtl.ca/mod/resource/view.php?id=544674}}
}
@misc{plymouth_grating_equation,
  title        = {The Grating Equation},
  author       = {{Plymouth Grating Laboratory}},
  year         = {2024},
  url          = {https://www.plymouthgrating.com/guidance/technical-notes/fundamentals/the-grating-equation/},
  note         = {Accessed: 2024-11-03}
}
@misc{thorlabs_diffraction_gratings,
  title        = {Diffraction Gratings},
  author       = {{Thorlabs, Inc.}},
  year         = {2024},
  url          = {https://www.thorlabs.com/newgrouppage9.cfm?objectgroup_id=1124},
  note         = {Accessed: 2024-11-03}
}

