@misc{edmund_optics_aberrations,
  author       = {{Edmund Optics}},
  title        = {How Aberrations Affect Machine Vision Lenses},
  year         = {2024},
  url          = {https://www.edmundoptics.fr/knowledge-center/application-notes/imaging/how-aberrations-affect-machine-vision-lenses/},
  note         = {Consult√© le 2 novembre 2024}
}
